@article{marmanis2016semantic,
  title={Semantic segmentation of aerial images with an ensemble of CNNs},
  author={Marmanis, Dimitrios and Wegner, Jan D and Galliani, Silvano and Schindler, Konrad and Datcu, Mihai and Stilla, Uwe},
  journal={ISPRS Annals of the Photogrammetry, Remote Sensing and Spatial Information Sciences},
  volume={3},
  pages={473},
  year={2016},
  publisher={Copernicus GmbH}
}

@inproceedings{dai2017scannet,
  title={Scannet: Richly-annotated 3d reconstructions of indoor scenes},
  author={Dai, Angela and Chang, Angel X and Savva, Manolis and Halber, Maciej and Funkhouser, Thomas and Nie{\ss}ner, Matthias},
  booktitle={Proc. IEEE Conf. on Computer Vision and Pattern Recognition (CVPR)},
  volume={1},
  year={2017}
}

@misc{robustvisionchallenge2018, title={Robust Vision Challenge 2018}, url={http://www.robustvision.net/index.php}, journal={Robust Vision Challenge}, year={2018}}

@inproceedings{xiao2010sun,
  title={Sun database: Large-scale scene recognition from abbey to zoo},
  author={Xiao, Jianxiong and Hays, James and Ehinger, Krista A and Oliva, Aude and Torralba, Antonio},
  booktitle={Computer vision and pattern recognition (CVPR), 2010 IEEE conference on},
  pages={3485--3492},
  year={2010},
  organization={IEEE}
}

@inproceedings{cordts2016cityscapes,
  title={The cityscapes dataset for semantic urban scene understanding},
  author={Cordts, Marius and Omran, Mohamed and Ramos, Sebastian and Rehfeld, Timo and Enzweiler, Markus and Benenson, Rodrigo and Franke, Uwe and Roth, Stefan and Schiele, Bernt},
  booktitle={Proceedings of the IEEE conference on computer vision and pattern recognition},
  pages={3213--3223},
  year={2016}
}

@inproceedings{krizhevsky2012imagenet,
  title={Imagenet classification with deep convolutional neural networks},
  author={Krizhevsky, Alex and Sutskever, Ilya and Hinton, Geoffrey E},
  booktitle={Advances in neural information processing systems},
  pages={1097--1105},
  year={2012}
}

@inproceedings{deng2009imagenet,
  title={Imagenet: A large-scale hierarchical image database},
  author={Deng, Jia and Dong, Wei and Socher, Richard and Li, Li-Jia and Li, Kai and Fei-Fei, Li},
  booktitle={Computer Vision and Pattern Recognition, 2009. CVPR 2009. IEEE Conference on},
  pages={248--255},
  year={2009},
  organization={IEEE}
}

@inproceedings{girshick2014rich,
  title={Rich feature hierarchies for accurate object detection and semantic segmentation},
  author={Girshick, Ross and Donahue, Jeff and Darrell, Trevor and Malik, Jitendra},
  booktitle={Proceedings of the IEEE conference on computer vision and pattern recognition},
  pages={580--587},
  year={2014}
}

@phdthesis{caruana1997multitask,
  title={Multitask Learning},
  author={Caruana, Rich},
  year={1997},
  school={Carnegie Mellon University Pittsburgh, PA}
}

@inproceedings{donahue2014decaf,
  title={Decaf: A deep convolutional activation feature for generic visual recognition},
  author={Donahue, Jeff and Jia, Yangqing and Vinyals, Oriol and Hoffman, Judy and Zhang, Ning and Tzeng, Eric and Darrell, Trevor},
  booktitle={International conference on machine learning},
  pages={647--655},
  year={2014}
}

@article{chen2017rethinking,
  title={Rethinking atrous convolution for semantic image segmentation},
  author={Chen, Liang-Chieh and Papandreou, George and Schroff, Florian and Adam, Hartwig},
  journal={arXiv preprint arXiv:1706.05587},
  year={2017}
}

@inproceedings{krahenbuhl2011efficient,
  title={Efficient inference in fully connected crfs with gaussian edge potentials},
  author={Kr{\"a}henb{\"u}hl, Philipp and Koltun, Vladlen},
  booktitle={Advances in neural information processing systems},
  pages={109--117},
  year={2011}
}

@incollection{holschneider1990real,
  title={A real-time algorithm for signal analysis with the help of the wavelet transform},
  author={Holschneider, Matthias and Kronland-Martinet, Richard and Morlet, Jean and Tchamitchian, Ph},
  booktitle={Wavelets},
  pages={286--297},
  year={1990},
  publisher={Springer}
}

@article{patel2015visual,
  title={Visual domain adaptation: A survey of recent advances},
  author={Patel, Vishal M and Gopalan, Raghuraman and Li, Ruonan and Chellappa, Rama},
  journal={IEEE signal processing magazine},
  volume={32},
  number={3},
  pages={53--69},
  year={2015},
  publisher={IEEE}
}

@misc{ng2016nips, place={Barcelona, Spain}, title={NIPS 2016 Keynote Speech}, journal={NIPS 2016 Conference}, publisher={Centre Convencions Internacional Barcelona}, author={Andrew Ng}, year={2016}}

@book{goodfellow2016deep,
  title={Deep learning},
  author={Goodfellow, Ian and Bengio, Yoshua and Courville, Aaron and Bengio, Yoshua},
  volume={1},
  year={2016},
  publisher={MIT press Cambridge}
}

@inproceedings{thrun1996learning,
  title={Is learning the n-th thing any easier than learning the first?},
  author={Thrun, Sebastian},
  booktitle={Advances in neural information processing systems},
  pages={640--646},
  year={1996}
}

@article{chen2018deeplab,
  title={Deeplab: Semantic image segmentation with deep convolutional nets, atrous convolution, and fully connected crfs},
  author={Chen, Liang-Chieh and Papandreou, George and Kokkinos, Iasonas and Murphy, Kevin and Yuille, Alan L},
  journal={IEEE transactions on pattern analysis and machine intelligence},
  volume={40},
  number={4},
  pages={834--848},
  year={2018},
  publisher={IEEE}
}

@inproceedings{fritsch2013new,
  title={A new performance measure and evaluation benchmark for road detection algorithms},
  author={Fritsch, Jannik and Kuhnl, Tobias and Geiger, Andreas},
  booktitle={Intelligent Transportation Systems-(ITSC), 2013 16th International IEEE Conference on},
  pages={1693--1700},
  year={2013},
  organization={IEEE}
}

@inproceedings{caltagirone2017fast,
  title={Fast LIDAR-based road detection using fully convolutional neural networks},
  author={Caltagirone, Luca and Scheidegger, Samuel and Svensson, Lennart and Wahde, Mattias},
  booktitle={Intelligent Vehicles Symposium (IV), 2017 IEEE},
  pages={1019--1024},
  year={2017},
  organization={IEEE}
}

@inproceedings{levinson2010robust,
  title={Robust vehicle localization in urban environments using probabilistic maps},
  author={Levinson, Jesse and Thrun, Sebastian},
  booktitle={Robotics and Automation (ICRA), 2010 IEEE International Conference on},
  pages={4372--4378},
  year={2010},
  organization={IEEE}
}

@article{thrun2006graph,
  title={The graph SLAM algorithm with applications to large-scale mapping of urban structures},
  author={Thrun, Sebastian and Montemerlo, Michael},
  journal={The International Journal of Robotics Research},
  volume={25},
  number={5-6},
  pages={403--429},
  year={2006},
  publisher={SAGE Publications}
}